2018 3854
155 181 203 269 46
282 178 616 248 Connrurnar'n
635 191 680 247 ru
698 176 832 251 Errsr.

153 263 956 367 putataestiliiadjustitiam‚quiaopusfuitmagnae

225 351 285 416 tia„
296 352 435 446 Eang.
452 350 539 416 arati.
551 353 592 444 de
603 351 689 417 urbis
701 352 845 432 excidia,
855 371 955 451 capp.

155 434 955 616 bfira‘fra'ttrffqitriat{frattina

151 604 198 693 fide
212 624 251 703 eo
257 601 542 702 §captura-refert,
553 600 731 687 Juibficatus
736 601 877 686 furt,sed
883 607 955 673 inde

153 688 197 753 ab
222 701 311 754 rnrtro
331 701 502 754 vocationis
521 687 592 751 suae.
612 691 688 754 Gen.
712 706 761 752 12.
787 690 883 755 Habr.
906 708 955 757 11.

152 767 391 857 ‘Respondetun
401 768 596 854 justificatum
614 772 742 854 quidem
759 769 849 838 fuisse
862 791 955 857 quan·

157 855 269 921 dohoc
281 855 431 923 crediditt
443 873 506 920 non
519 855 605 940 quod
618 867 693 919 tunc
700 873 740 920 ex
750 855 847 941 impio
858 857 954 939 justus
976 866 980 877 '

81 979 82 982 =
152 936 258 1005 'factus
271 939 384 1016 fucrit,
410 938 463 1004 sed
477 941 548 1022 quia
562 954 602 1001 ex
614 938 676 1003 fide
687 952 834 1023 tanquam
847 938 953 1028 infigni

152 1025 418 1177 tristitiae}
428 1020 955 1188 fenenestras

148 1188 271 1277 justus,
283 1190 386 1256 adhuc
399 1186 580 1272 iustificetur
593 1206 632 1252 ex
639 1186 823 1273 fide,&per
828 1189 954 1284 gratiam

156 1271 249 1350 fidei,
260 1291 324 1338 non
336 1286 439 1337 autem
453 1289 493 1336 ex
506 1271 652 1369 operibus
665 1291 673 1334 :
685 1273 793 1368 maJori
806 1270 901 1357 igitar
910 1293 955 1340 ra-

157 1354 244 1422 tione
263 1357 331 1438 (ut
350 1355 509 1422 concludit
526 1376 558 1420 rn
575 1354 638 1419 fine
652 1356 787 1441 capitis)
807 1373 848 1419 ex
861 1356 955 1443 impio

156 1437 261 1531 iustus
273 1439 344 1523 quis
356 1438 491 1525 primbm
505 1438 637 1505 efficitur
647 1458 704 1523 per
714 1440 826 1516 fidem,
846 1437 882 1504 ἀ
893 1458 955 1507 non

53 1604 56 1610 q
156 1540 215 1608 per
226 1541 331 1608 opera.
349 1524 414 1589 Alii
428 1525 538 1590 dicunt
558 1522 700 1603 Jacoiam
719 1523 807 1618 loqui
826 1523 907 1589 deo
979 1538 982 1545 ·

158 1606 244 1672 n'bus
258 1607 457 1692 sequentibus
470 1606 581 1684 fidem,
590 1625 661 1691 quae
671 1626 733 1674 non
746 1622 899 1687 omnum,
916 1606 955 1673 ed

158 1692 322 1777 gratiorem
335 1693 467 1756 amicum
473 1689 608 1773 faciunt,
620 1693 746 1756 Paulam
752 1688 829 1756 verb
834 1690 957 1777 depra-

158 1775 340 1841 cedentibus
351 1776 456 1841 fidem.
474 1775 515 1841 ita
521 1772 635 1860 Estias.

206 1875 244 1963 ii.
269 1897 304 1968 4.
329 1877 379 1949 Ei
394 1895 512 1949 autem
533 1877 596 1970 qai
611 1891 801 1969 operatur,
822 1900 953 1959 merces

157 1993 223 2046 'naa
246 1975 449 2067 imputatur
460 1971 653 2068 facundiam
680 1974 877 2070 gratiam,
893 1972 957 2071 fied

152 2067 341 2167 secandam
364 2073 532 2143 dabiram.

197 2177 231 2242 ln
244 2196 283 2247 eo
298 2179 385 2263 quod
403 2178 483 2246 dixit
493 2177 589 2243 fidem
601 2173 736 2239 Abrahae
754 2169 846 2240 fuiffe
865 2172 895 2239 ei
913 2189 958 2239 re·

156 2274 296 2346 putatam
314 2263 355 2328 ad
371 2261 533 2346 justitiam,
552 2260 638 2326 sonat
656 2258 770 2344 gratia,
787 2257 862 2343 quia
880 2256 958 2323 fides

155 2344 373 2428 premiisontm
385 2347 448 2411 Dei
456 2337 564 2442 'gratiae
577 2343 726 2407 innititur.
736 2343 787 2408 Ex
793 2359 858 2427 quo
866 2341 959 2407 docet

154 2444 221 2494 uon
240 2447 280 2495 ex
299 2430 447 2515 operibus
464 2427 659 2513 justificatum
676 2423 765 2490 fuiffe
778 2442 786 2488 :
799 2443 871 2490 nam
881 2442 958 2512 pug-

158 2526 232 2577 nant
244 2533 284 2579 ex
297 2514 463 2598 operibus,
476 2512 511 2578 δι
523 2509 635 2599 gratia,
647 2525 687 2574 ex
700 2524 762 2594 cap.
772 2525 823 2573 11.
836 2510 880 2574 Et
891 2507 958 2574 sen·

157 2592 210 2658 sus
225 2596 278 2660 est.
285 2595 384 2679 Operi
397 2594 561 2681 respondet
573 2610 691 2659 merces
697 2609 737 2656 ex
744 2591 961 2657 conventione.

157 2674 286 2743 Merces
306 2690 409 2751 autem
427 2677 591 2743 aestimaan
608 2695 671 2742 non
683 2691 720 2740 ut
736 2675 887 2762 gratuita,
905 2672 958 2740 sed

52 2807 56 2816 ,
157 2773 195 2825 ut
208 2762 320 2827 debita.
340 2760 425 2827 Hinc
437 2760 590 2846 sequitur,
601 2759 623 2824 fi
636 2759 794 2824 Abraham
807 2777 848 2823 ex
859 2757 959 2856 operi·

94 2853 100 2859 '
158 2844 220 2908 bus
238 2845 418 2927 justificatus
429 2847 507 2919 fuit,
525 2863 588 2910 non
600 2841 697 2908 initur
710 2839 802 2928 gratis
821 2840 958 2926 justtfica

159 2925 568 3020 tumfuiffe,quodfalsum
581 2893 634 2991 eff.
656 2927 792 3013 erAag.
