2018 3854
155 149 219 200 nn
250 132 360 199 Con.
385 132 495 200 Cnn.
520 131 600 201 Xll.
702 136 765 222 383

95 252 141 331 [5.
167 238 208 310 St
231 241 369 312 dixerit
390 253 453 333 pes
480 264 491 310 .·
517 238 681 333 quoniam
699 264 767 310 non

95 358 217 423 tanus,
241 338 308 407 no'n
317 333 396 431 sunt
418 338 458 407 de
484 352 626 430 corpore
646 361 657 407 :
679 360 765 407 num

95 458 132 507 m
153 430 199 528 est
217 434 257 505 de
278 447 420 525 corpore
444 434 463 504 Ρ

95 526 220 604 idiunt,
237 522 372 613 minimo.
388 522 473 591 Nam
485 522 643 614 integritas
656 546 765 612 corpo·

95 608 192 687 unici,
211 628 275 676 non
294 607 395 675 solbm
408 611 540 694 requirit
555 613 694 677 membra
711 629 769 695 per

95 706 139 767 tut
155 711 273 779 opera,
297 692 334 759 bt
352 691 421 760 sunt
438 713 547 761 manus
565 711 577 767 3
600 692 653 761 sed
672 696 766 760 etiam

95 773 207 927 m{pstnn
225 794 340 873 corpus
359 779 431 845 loco
450 794 614 845 moveatur
625 824 637 855 ,
648 777 684 844 itt
696 778 774 843 l'unt.

122 878 154 925 rc
172 862 266 948 igitur
285 881 317 926 rn
336 879 466 947 corpore
485 860 615 949 mystico
629 861 672 939 ,ll
686 858 766 945 quis-

95 942 214 1017 tsen'on
237 944 404 1012 ministerio
427 948 516 1012 velut
540 944 769 1031 contemptibili

95 1042 142 1103 tus
160 1042 307 1113 tanquam
323 1048 379 1112 pes
397 1031 430 1094 in
441 1030 655 1115 corpore‚qui
669 1032 768 1095 calcat

95 1110 160 1195 ,ἐι
179 1114 301 1199 pondus
330 1110 456 1179 sustinet
480 1116 576 1181 totius
596 1116 766 1198 corporis,

95 1209 186 1265 taust
203 1195 234 1261 l'e
252 1216 315 1263 non
334 1195 393 1262 else
411 1200 585 1263 membrum
604 1198 768 1282 corporis,

108 1282 198 1347 nullo
214 1283 287 1347 loco
305 1278 366 1346 ess'e
378 1281 410 1344 in
429 1281 570 1348 Ecclefia
581 1282 767 1365 ‚propterei

95 1382 148 1445 ton
165 1363 201 1429 lit
219 1383 350 1445 manus,
368 1366 403 1430 id
415 1363 482 1442 est,
501 1365 691 1432 honoratiori
704 1367 769 1430 cui·

95 1446 174 1529 fficio
186 1447 372 1523 destinatum
384 1447 488 1532 iniqua
503 1444 536 1513 δι
552 1446 627 1513 falsa
640 1448 699 1511 erit
709 1450 768 1513 hu·

95 1522 327 1617 i2querimoniu
344 1532 431 1597 Sicut
449 1530 531 1597 enim
542 1549 599 1615 pes
613 1529 722 1615 aequb,
736 1530 772 1597 bt

110 1618 286 1683 membrum
305 1615 354 1682 est·
367 1615 507 1699 corporis
526 1661 537 1693 ,
563 1615 681 1681 tametfi
698 1619 771 1682 loco

95 1700 131 1783 io
149 1702 267 1785 impar:
285 1700 327 1765 ita
344 1700 521 1795 incorpore
534 1700 665 1783 mystico
677 1698 710 1764 se
722 1718 773 1765 res

95 1784 283 1851 letnembris
296 1785 336 1849 ad
348 1784 474 1869 imparia
486 1782 587 1849 officia
600 1785 770 1866 deputatis:

95 1886 131 1951 nt
145 1868 190 1949 ¹&
209 1870 292 1935 illius
311 1866 458 1951 perfefflo
483 1868 663 1949 varietatem
689 1869 771 1931 hanc

95 1958 190 2019 urum
208 1951 312 2036 exigit
332 1951 464 2017 Infinuat
482 1950 650 2036 Apostolus
666 1947 772 2035 hujus·

95 2035 226 2121 {notulas
243 2034 333 2101 soille
353 2034 432 2100 inter
443 2035 624 2103 Corinthios
641 2050 768 2121 propter

95 2130 134 2187 tm
156 2117 190 2183 δι
212 2117 452 2186 ministeriorum
473 2121 689 2205 disparitatem.

95 2222 145 2299 16.
165 2226 216 2297 Et
227 2221 262 2317 fi
284 2226 421 2297 dixerit
440 2225 543 2296 astris
562 2248 574 2294 .·
591 2225 770 2317 'quoniam

95 2322 138 2395 iln
154 2320 281 2396 oculus
301 2348 313 2409 ς
350 2346 417 2393 non
427 2317 506 2417 sum
519 2324 573 2391 'de
596 2335 767 2414 corporet

95 2422 159 2509 'ciel
176 2446 243 2492 non
265 2419 311 2516 est
324 2421 368 2490 tle
392 2433 532 2510 corpore
556 2418 575 2487 ‚9

95 2524 198 2581 turem
217 2513 396 2580 &oculum
414 2508 536 2594 possunt
553 2510 698 2598 intelligi,
717 2508 774 2595 qui

113 2598 284 2667 actionibus
306 2599 378 2663 vitae
390 2606 396 2617 '
408 2596 687 2679 contemplativo:
706 2614 773 2692 quo

95 2700 141 2749 ne
152 2683 305 2749 Dostores
318 2678 388 2769 sunt
407 2680 442 2767 bt
455 2682 564 2757 oculi,
583 2678 724 2764 dillipulr
738 2677 775 2745 bt
803 2720 806 2725 -

95 2818 98 2837 .
139 2765 235 2833 raelati
253 2767 289 2833 ut
312 2784 442 2846 nunus⁹
467 2764 582 2831 subditi
603 2767 637 2831 bt
655 2765 778 2849 pedes:

133 2873 191 2917 om·
546 2876 552 2889 ,
630 2878 635 2885 .

95 2970 153 3043 [7.-
165 2951 206 3024 Si
223 2950 596 3044 totumcorpusnculus
612 2970 624 3020 t
642 2949 778 3022 ullau-

99 3050 120 3121 ?
134 3048 176 3121 Si
192 3066 301 3121 tutum
312 3050 457 3120 nuditus
470 3074 482 3120 :
497 3048 558 3118 ubi
571 3042 734 3119 odoratus
758 3047 778 3118 2

95 3164 180 3219 utum
197 3154 306 3228 auris,
326 3152 380 3215 ubi
399 3148 518 3217 nares?
537 3148 578 3217 fic
598 3149 738 3240 igitur&
751 3151 782 3215 in

95 3253 124 3300 re
141 3233 295 3320 milico,
312 3235 334 3299 li
352 3236 455 3306 omnis
472 3238 611 3301 membra
626 3235 784 3320 supremas

95 3320 405 3471 lutIhonortbiliores
421 3320 577 3469 Ruborem
589 3320 765 3391 functiones
778 3338 786 3382 :

95 3426 120 3471 t.
159 3448 168 3468 .
