<?xml version="1.0" encoding="UTF-8"?>
<!DOCTYPE html PUBLIC "-//W3C//DTD XHTML 1.0 Transitional//EN"
    "http://www.w3.org/TR/xhtml1/DTD/xhtml1-transitional.dtd">
<html xmlns="http://www.w3.org/1999/xhtml" xml:lang="en" lang="en">
 <head>
  <title>
</title>
<meta http-equiv="Content-Type" content="text/html;charset=utf-8" />
  <meta name='ocr-system' content='tesseract 3.04.00' />
  <meta name='ocr-capabilities' content='ocr_page ocr_carea ocr_par ocr_line ocrx_word'/>
</head>
<body>
  <div class='ocr_page' id='page_1' title='image "./commentariainom01bencgoog_0093.png"; bbox 0 0 2018 3854; ppageno 0'>
   <div class='ocr_carea' id='block_1_1' title="bbox 316 164 906 269">
    <p class='ocr_par' dir='ltr' id='par_1_1' title="bbox 316 164 906 269">
     <span class='ocr_line' id='line_1_1' title="bbox 316 164 906 269; baseline 0.02 -34"><span class='ocrx_word' id='word_1_1' title='bbox 316 164 745 242; x_wconf 77' lang='lat' dir='ltr'>noRou.Cnr.V1L·</span> <span class='ocrx_word' id='word_1_2' title='bbox 859 179 906 269; x_wconf 67' lang='lat'>83</span> 
     </span>
    </p>
   </div>
   <div class='ocr_carea' id='block_1_2' title="bbox 112 266 916 568">
    <p class='ocr_par' dir='ltr' id='par_1_2' title="bbox 112 266 916 568">
     <span class='ocr_line' id='line_1_2' title="bbox 153 266 905 381; baseline 0.019 -38"><span class='ocrx_word' id='word_1_3' title='bbox 153 266 193 359; x_wconf 62' lang='grc' dir='ltr'>ᾖ.</span> <span class='ocrx_word' id='word_1_4' title='bbox 208 286 266 363; x_wconf 83' lang='lat'>15.</span> <span class='ocrx_word' id='word_1_5' title='bbox 278 270 384 372; x_wconf 71' lang='lat' dir='ltr'>Quod</span> <span class='ocrx_word' id='word_1_6' title='bbox 394 275 486 346; x_wconf 80' lang='lat' dir='ltr'>enim</span> <span class='ocrx_word' id='word_1_7' title='bbox 497 292 642 373; x_wconf 82' lang='lat' dir='ltr'>operor,</span> <span class='ocrx_word' id='word_1_8' title='bbox 652 303 718 352; x_wconf 83' lang='lat' dir='ltr'>non</span> <span class='ocrx_word' id='word_1_9' title='bbox 731 281 905 381; x_wconf 73' lang='lat' dir='ltr'>intelligo.</span> 
     </span>
     <span class='ocr_line' id='line_1_3' title="bbox 112 365 916 476; baseline 0.019 -36"><span class='ocrx_word' id='word_1_10' title='bbox 112 365 192 441; x_wconf 84' lang='lat' dir='ltr'>Non</span> <span class='ocrx_word' id='word_1_11' title='bbox 210 372 303 442; x_wconf 83' lang='lat' dir='ltr'>enim</span> <span class='ocrx_word' id='word_1_12' title='bbox 315 372 408 465; x_wconf 82' lang='lat' dir='ltr'>quod</span> <span class='ocrx_word' id='word_1_13' title='bbox 421 374 494 443; x_wconf 82' lang='lat' dir='ltr'>volo</span> <span class='ocrx_word' id='word_1_14' title='bbox 514 376 662 467; x_wconf 69' lang='lat' dir='ltr'>bonum,</span> <span class='ocrx_word' id='word_1_15' title='bbox 681 378 743 449; x_wconf 84' lang='lat' dir='ltr'>hoc</span> <span class='ocrx_word' id='word_1_16' title='bbox 755 378 916 476; x_wconf 78' lang='lat' dir='ltr'>ago-‘sed</span> 
     </span>
     <span class='ocr_line' id='line_1_4' title="bbox 114 467 685 568; baseline 0.016 -32"><span class='ocrx_word' id='word_1_17' title='bbox 114 467 201 563; x_wconf 81' lang='lat' dir='ltr'>quod</span> <span class='ocrx_word' id='word_1_18' title='bbox 216 469 274 541; x_wconf 81' lang='lat' dir='ltr'>odi</span> <span class='ocrx_word' id='word_1_19' title='bbox 293 469 448 556; x_wconf 72' lang='lat' dir='ltr'>maltam,</span> <span class='ocrx_word' id='word_1_20' title='bbox 471 470 564 545; x_wconf 80' lang='lat' dir='ltr'>illud</span> <span class='ocrx_word' id='word_1_21' title='bbox 573 469 685 568; x_wconf 81' lang='lat' dir='ltr'>facin.</span> 
     </span>
    </p>
   </div>
   <div class='ocr_carea' id='block_1_3' title="bbox 71 567 923 3438">
    <p class='ocr_par' dir='ltr' id='par_1_3' title="bbox 71 567 923 3438">
     <span class='ocr_line' id='line_1_5' title="bbox 150 567 916 673; baseline 0.016 -40"><span class='ocrx_word' id='word_1_22' title='bbox 150 577 309 646; x_wconf 68' lang='grc' dir='ltr'>ἑγιιὺω,</span> <span class='ocrx_word' id='word_1_23' title='bbox 328 596 388 645; x_wconf 83' lang='lat' dir='ltr'>non</span> <span class='ocrx_word' id='word_1_24' title='bbox 400 576 542 661; x_wconf 82' lang='lat' dir='ltr'>approbo,</span> <span class='ocrx_word' id='word_1_25' title='bbox 554 599 610 642; x_wconf 89' lang='lat' dir='ltr'>non</span> <span class='ocrx_word' id='word_1_26' title='bbox 621 593 749 673; x_wconf 63' lang='lat' dir='ltr'>acepta,</span> <span class='ocrx_word' id='word_1_27' title='bbox 765 600 824 645; x_wconf 79' lang='lat' dir='ltr'>non</span> <span class='ocrx_word' id='word_1_28' title='bbox 836 567 916 649; x_wconf 75' lang='lat' dir='ltr'>mihi</span> 
     </span>
     <span class='ocr_line' id='line_1_6' title="bbox 116 656 914 748; baseline 0.013 -25"><span class='ocrx_word' id='word_1_29' title='bbox 116 660 179 739; x_wconf 75' lang='lat' dir='ltr'>plac</span> <span class='ocrx_word' id='word_1_30' title='bbox 192 668 231 730; x_wconf 86' lang='lat' dir='ltr'>t,</span> <span class='ocrx_word' id='word_1_31' title='bbox 257 678 316 722; x_wconf 84' lang='lat' dir='ltr'>non</span> <span class='ocrx_word' id='word_1_32' title='bbox 338 656 725 745; x_wconf 68' lang='lat' dir='ltr'>consentio,quinpot1its</span> <span class='ocrx_word' id='word_1_33' title='bbox 745 665 914 748; x_wconf 77' lang='lat' dir='ltr'>improbo·</span> 
     </span>
     <span class='ocr_line' id='line_1_7' title="bbox 71 732 916 895; baseline 0.007 -6"><span class='ocrx_word' id='word_1_34' title='bbox 71 750 80 871; x_wconf 53' lang='lat' dir='ltr'>l</span> <span class='ocrx_word' id='word_1_35' title='bbox 118 756 252 889; x_wconf 54' lang='lat' dir='ltr'>ffig</span> <span class='ocrx_word' id='word_1_36' title='bbox 262 732 916 895; x_wconf 51' lang='lat' dir='ltr'>&#39;affxeoffl&#39;sssss’n5&#39;affetffissfi&#39;cgftsssf&#39;fiaegc‘</span> 
     </span>
     <span class='ocr_line' id='line_1_8' title="bbox 71 871 435 903; baseline 0.003 -1"><span class='ocrx_word' id='word_1_37' title='bbox 71 888 76 895; x_wconf 94' lang='lat'>·</span> <span class='ocrx_word' id='word_1_38' title='bbox 424 871 435 903; x_wconf 67' lang='grc' dir='ltr'><strong><em>Ἰ</em></strong></span> 
     </span>
     <span class='ocr_line' id='line_1_9' title="bbox 119 904 915 998; baseline 0.01 -27"><span class='ocrx_word' id='word_1_39' title='bbox 119 905 276 971; x_wconf 83' lang='lat' dir='ltr'>referenda</span> <span class='ocrx_word' id='word_1_40' title='bbox 299 904 379 972; x_wconf 88' lang='lat' dir='ltr'>sunt.</span> <span class='ocrx_word' id='word_1_41' title='bbox 425 907 520 995; x_wconf 71' lang='lat' dir='ltr'>Unde</span> <span class='ocrx_word' id='word_1_42' title='bbox 550 910 685 977; x_wconf 77' lang='lat' dir='ltr'>maxime</span> <span class='ocrx_word' id='word_1_43' title='bbox 714 911 915 998; x_wconf 84' lang='lat' dir='ltr'>cognoscitur</span> 
     </span>
     <span class='ocr_line' id='line_1_10' title="bbox 121 986 913 1084; baseline 0.008 -29"><span class='ocrx_word' id='word_1_44' title='bbox 121 986 243 1084; x_wconf 66' lang='lat' dir='ltr'>servittu</span> <span class='ocrx_word' id='word_1_45' title='bbox 263 993 407 1075; x_wconf 83' lang='lat' dir='ltr'>peccati:</span> <span class='ocrx_word' id='word_1_46' title='bbox 428 994 557 1078; x_wconf 89' lang='lat' dir='ltr'>emptitii</span> <span class='ocrx_word' id='word_1_47' title='bbox 573 996 656 1061; x_wconf 89' lang='lat' dir='ltr'>enim</span> <span class='ocrx_word' id='word_1_48' title='bbox 666 998 766 1060; x_wconf 89' lang='lat' dir='ltr'>multa</span> <span class='ocrx_word' id='word_1_49' title='bbox 783 1014 913 1079; x_wconf 84' lang='lat' dir='ltr'>operan-</span> 
     </span>
     <span class='ocr_line' id='line_1_11' title="bbox 121 1074 913 1155; baseline 0.01 -17"><span class='ocrx_word' id='word_1_50' title='bbox 121 1086 165 1139; x_wconf 89' lang='lat' dir='ltr'>tut</span> <span class='ocrx_word' id='word_1_51' title='bbox 175 1074 268 1138; x_wconf 79' lang='lat' dir='ltr'>inviti</span> <span class='ocrx_word' id='word_1_52' title='bbox 280 1074 319 1139; x_wconf 79' lang='lat' dir='ltr'>dt·</span> <span class='ocrx_word' id='word_1_53' title='bbox 328 1078 476 1143; x_wconf 82' lang='lat' dir='ltr'>nolentes.</span> <span class='ocrx_word' id='word_1_54' title='bbox 488 1080 604 1155; x_wconf 82' lang='lat' dir='ltr'>Operor</span> <span class='ocrx_word' id='word_1_55' title='bbox 622 1095 727 1145; x_wconf 88' lang='lat' dir='ltr'>autem</span> <span class='ocrx_word' id='word_1_56' title='bbox 743 1098 808 1144; x_wconf 89' lang='lat' dir='ltr'>non</span> <span class='ocrx_word' id='word_1_57' title='bbox 825 1097 913 1146; x_wconf 89' lang='lat' dir='ltr'>men·</span> 
     </span>
     <span class='ocr_line' id='line_1_12' title="bbox 122 1154 915 1248; baseline 0.009 -26"><span class='ocrx_word' id='word_1_58' title='bbox 122 1170 165 1222; x_wconf 81' lang='lat' dir='ltr'>te:</span> <span class='ocrx_word' id='word_1_59' title='bbox 185 1154 229 1221; x_wconf 89' lang='lat' dir='ltr'>fic</span> <span class='ocrx_word' id='word_1_60' title='bbox 248 1157 333 1223; x_wconf 90' lang='lat' dir='ltr'>enim</span> <span class='ocrx_word' id='word_1_61' title='bbox 350 1177 387 1224; x_wconf 88' lang='lat' dir='ltr'>ea</span> <span class='ocrx_word' id='word_1_62' title='bbox 404 1160 645 1245; x_wconf 79' lang='lat' dir='ltr'>cognoscerem,</span> <span class='ocrx_word' id='word_1_63' title='bbox 664 1163 698 1230; x_wconf 93' lang='lat' dir='ltr'>id</span> <span class='ocrx_word' id='word_1_64' title='bbox 716 1161 784 1241; x_wconf 90' lang='lat' dir='ltr'>est,</span> <span class='ocrx_word' id='word_1_65' title='bbox 802 1181 915 1248; x_wconf 83' lang='lat' dir='ltr'>appro-</span> 
     </span>
     <span class='ocr_line' id='line_1_13' title="bbox 123 1237 912 1331; baseline 0.009 -24"><span class='ocrx_word' id='word_1_66' title='bbox 123 1238 237 1318; x_wconf 80' lang='lat' dir='ltr'>larem,</span> <span class='ocrx_word' id='word_1_67' title='bbox 247 1237 305 1308; x_wconf 89' lang='lat' dir='ltr'>sed</span> <span class='ocrx_word' id='word_1_68' title='bbox 315 1260 407 1308; x_wconf 85' lang='lat' dir='ltr'>carne</span> <span class='ocrx_word' id='word_1_69' title='bbox 421 1257 575 1311; x_wconf 81' lang='lat' dir='ltr'>excitante</span> <span class='ocrx_word' id='word_1_70' title='bbox 588 1248 678 1314; x_wconf 89' lang='lat' dir='ltr'>inme</span> <span class='ocrx_word' id='word_1_71' title='bbox 688 1262 793 1331; x_wconf 84' lang='lat' dir='ltr'>motus</span> <span class='ocrx_word' id='word_1_72' title='bbox 806 1264 843 1312; x_wconf 89' lang='lat' dir='ltr'>ac</span> <span class='ocrx_word' id='word_1_73' title='bbox 855 1249 912 1314; x_wconf 85' lang='lat' dir='ltr'>de-</span> 
     </span>
     <span class='ocr_line' id='line_1_14' title="bbox 122 1322 913 1415; baseline 0.008 -24"><span class='ocrx_word' id='word_1_74' title='bbox 122 1322 221 1391; x_wconf 81' lang='lat' dir='ltr'>fideria</span> <span class='ocrx_word' id='word_1_75' title='bbox 243 1327 424 1409; x_wconf 84' lang='lat' dir='ltr'>peccandi:</span> <span class='ocrx_word' id='word_1_76' title='bbox 443 1329 517 1409; x_wconf 90' lang='lat' dir='ltr'>quia</span> <span class='ocrx_word' id='word_1_77' title='bbox 532 1344 637 1396; x_wconf 83' lang='lat' dir='ltr'>nrotus</span> <span class='ocrx_word' id='word_1_78' title='bbox 655 1330 691 1395; x_wconf 75' lang='lat' dir='ltr'>dc</span> <span class='ocrx_word' id='word_1_79' title='bbox 707 1331 913 1415; x_wconf 70' lang='lat' dir='ltr'>appetitiones</span> 
     </span>
     <span class='ocr_line' id='line_1_15' title="bbox 121 1406 912 1498; baseline 0.008 -24"><span class='ocrx_word' id='word_1_80' title='bbox 121 1410 206 1493; x_wconf 83' lang='lat' dir='ltr'>pertis</span> <span class='ocrx_word' id='word_1_81' title='bbox 224 1406 380 1477; x_wconf 82' lang='lat' dir='ltr'>inferioris</span> <span class='ocrx_word' id='word_1_82' title='bbox 397 1411 509 1478; x_wconf 73' lang='lat' dir='ltr'>revera</span> <span class='ocrx_word' id='word_1_83' title='bbox 520 1407 591 1479; x_wconf 85' lang='lat' dir='ltr'>sunt</span> <span class='ocrx_word' id='word_1_84' title='bbox 601 1414 795 1498; x_wconf 85' lang='lat' dir='ltr'>operationes</span> <span class='ocrx_word' id='word_1_85' title='bbox 811 1416 912 1480; x_wconf 84' lang='lat' dir='ltr'>homi·</span> 
     </span>
     <span class='ocr_line' id='line_1_16' title="bbox 121 1490 915 1580; baseline 0.008 -23"><span class='ocrx_word' id='word_1_86' title='bbox 121 1493 162 1557; x_wconf 86' lang='lat' dir='ltr'>nis</span> <span class='ocrx_word' id='word_1_87' title='bbox 182 1506 333 1578; x_wconf 87' lang='lat' dir='ltr'>tanquam</span> <span class='ocrx_word' id='word_1_88' title='bbox 351 1490 515 1577; x_wconf 86' lang='lat' dir='ltr'>suppofiti,</span> <span class='ocrx_word' id='word_1_89' title='bbox 540 1494 614 1560; x_wconf 74' lang='lat' dir='ltr'>licet</span> <span class='ocrx_word' id='word_1_90' title='bbox 631 1516 695 1563; x_wconf 93' lang='lat' dir='ltr'>non</span> <span class='ocrx_word' id='word_1_91' title='bbox 713 1498 854 1580; x_wconf 69' lang='lat' dir='ltr'>subieelae</span> <span class='ocrx_word' id='word_1_92' title='bbox 865 1516 915 1563; x_wconf 87' lang='lat' dir='ltr'>ra·</span> 
     </span>
     <span class='ocr_line' id='line_1_17' title="bbox 120 1574 914 1752; baseline 0.008 -27"><span class='ocrx_word' id='word_1_93' title='bbox 120 1574 446 1729; x_wconf 51' lang='lat' dir='ltr'>lfflatselssldl}</span> <span class='ocrx_word' id='word_1_94' title='bbox 459 1579 615 1730; x_wconf 58' lang='lat' dir='ltr'>lille}</span> <span class='ocrx_word' id='word_1_95' title='bbox 625 1579 914 1752; x_wconf 59' lang='lat' dir='ltr'>&#39;lltlllaililli</span> 
     </span>
     <span class='ocr_line' id='line_1_18' title="bbox 71 1742 914 1835; baseline 0.002 -22"><span class='ocrx_word' id='word_1_96' title='bbox 71 1742 74 1829; x_wconf 76' lang='lat'>[</span> <span class='ocrx_word' id='word_1_97' title='bbox 119 1742 148 1813; x_wconf 81' lang='lat' dir='ltr'>iu</span> <span class='ocrx_word' id='word_1_98' title='bbox 168 1743 297 1830; x_wconf 84' lang='lat' dir='ltr'>lingulis</span> <span class='ocrx_word' id='word_1_99' title='bbox 315 1745 495 1813; x_wconf 76' lang='lat' dir='ltr'>hominibus</span> <span class='ocrx_word' id='word_1_100' title='bbox 512 1744 680 1835; x_wconf 85' lang='lat' dir='ltr'>confingit:</span> <span class='ocrx_word' id='word_1_101' title='bbox 693 1766 791 1814; x_wconf 87' lang='lat' dir='ltr'>unum</span> <span class='ocrx_word' id='word_1_102' title='bbox 808 1764 914 1815; x_wconf 87' lang='lat' dir='ltr'>carna·</span> 
     </span>
     <span class='ocr_line' id='line_1_19' title="bbox 71 1826 913 1916; baseline 0.012 -25"><span class='ocrx_word' id='word_1_103' title='bbox 71 1842 73 1891; x_wconf 85' lang='lat'>:</span> <span class='ocrx_word' id='word_1_104' title='bbox 119 1826 199 1907; x_wconf 75' lang='lat' dir='ltr'>lein,</span> <span class='ocrx_word' id='word_1_105' title='bbox 218 1832 354 1897; x_wconf 86' lang='lat' dir='ltr'>alterum</span> <span class='ocrx_word' id='word_1_106' title='bbox 366 1829 564 1916; x_wconf 82' lang='lat' dir='ltr'>spiritualem</span> <span class='ocrx_word' id='word_1_107' title='bbox 584 1834 626 1899; x_wconf 89' lang='lat' dir='ltr'>Et</span> <span class='ocrx_word' id='word_1_108' title='bbox 657 1833 724 1898; x_wconf 89' lang='lat' dir='ltr'>uod</span> <span class='ocrx_word' id='word_1_109' title='bbox 735 1833 867 1898; x_wconf 86' lang='lat' dir='ltr'>carnalis</span> <span class='ocrx_word' id='word_1_110' title='bbox 880 1834 913 1901; x_wconf 91' lang='lat' dir='ltr'>in</span> 
     </span>
     <span class='ocr_line' id='line_1_20' title="bbox 117 1853 912 2009; baseline 0.004 -30"><span class='ocrx_word' id='word_1_111' title='bbox 117 1908 377 2000; x_wconf 77' lang='lat' dir='ltr'>Adamopetatur</span> <span class='ocrx_word' id='word_1_112' title='bbox 391 1913 580 2009; x_wconf 77' lang='lat' dir='ltr'>,spiritualis</span> <span class='ocrx_word' id='word_1_113' title='bbox 593 1917 625 1981; x_wconf 92' lang='lat' dir='ltr'>in</span> <span class='ocrx_word' id='word_1_114' title='bbox 636 1853 763 1983; x_wconf 44' lang='lat' dir='ltr'>{bristo</span> <span class='ocrx_word' id='word_1_115' title='bbox 785 1934 848 1983; x_wconf 90' lang='lat' dir='ltr'>non</span> <span class='ocrx_word' id='word_1_116' title='bbox 861 1936 912 2003; x_wconf 90' lang='lat' dir='ltr'>ap·</span> 
     </span>
     <span class='ocr_line' id='line_1_21' title="bbox 169 1996 914 2097; baseline 0.008 -34"><span class='ocrx_word' id='word_1_117' title='bbox 169 1996 246 2063; x_wconf 86' lang='lat' dir='ltr'>bat:</span> <span class='ocrx_word' id='word_1_118' title='bbox 269 2000 341 2065; x_wconf 88' lang='lat' dir='ltr'>Non</span> <span class='ocrx_word' id='word_1_119' title='bbox 353 2018 433 2065; x_wconf 84' lang='lat' dir='ltr'>emm</span> <span class='ocrx_word' id='word_1_120' title='bbox 449 1998 531 2086; x_wconf 81' lang='lat' dir='ltr'>quod</span> <span class='ocrx_word' id='word_1_121' title='bbox 543 2003 610 2066; x_wconf 79' lang='lat' dir='ltr'>eolo</span> <span class='ocrx_word' id='word_1_122' title='bbox 626 2001 756 2075; x_wconf 78' lang='lat' dir='ltr'>lanum,</span> <span class='ocrx_word' id='word_1_123' title='bbox 774 2001 826 2067; x_wconf 77' lang='lat' dir='ltr'>boc</span> <span class='ocrx_word' id='word_1_124' title='bbox 837 2020 914 2097; x_wconf 61' lang='lat' dir='ltr'>ago.-</span> 
     </span>
     <span class='ocr_line' id='line_1_22' title="bbox 129 2074 912 2170; baseline 0.011 -28"><span class='ocrx_word' id='word_1_125' title='bbox 129 2080 166 2145; x_wconf 83' lang='lat' dir='ltr'>ed</span> <span class='ocrx_word' id='word_1_126' title='bbox 184 2081 270 2169; x_wconf 78' lang='lat' dir='ltr'>qnod</span> <span class='ocrx_word' id='word_1_127' title='bbox 288 2082 339 2149; x_wconf 75' lang='lat' dir='ltr'>odi</span> <span class='ocrx_word' id='word_1_128' title='bbox 356 2085 493 2161; x_wconf 83' lang='lat' dir='ltr'>malum,</span> <span class='ocrx_word' id='word_1_129' title='bbox 517 2080 599 2149; x_wconf 81' lang='lat' dir='ltr'>illud</span> <span class='ocrx_word' id='word_1_130' title='bbox 604 2074 698 2170; x_wconf 85' lang='lat' dir='ltr'>facio.</span> <span class='ocrx_word' id='word_1_131' title='bbox 717 2079 802 2148; x_wconf 86' lang='lat' dir='ltr'>Na&#39;m</span> <span class='ocrx_word' id='word_1_132' title='bbox 827 2084 912 2168; x_wconf 77' lang='lat' dir='ltr'>spiri-</span> 
     </span>
     <span class='ocr_line' id='line_1_23' title="bbox 115 2164 914 2254; baseline 0 -23"><span class='ocrx_word' id='word_1_133' title='bbox 115 2164 206 2232; x_wconf 84' lang='lat' dir='ltr'>tualis</span> <span class='ocrx_word' id='word_1_134' title='bbox 216 2166 339 2234; x_wconf 83' lang='lat' dir='ltr'>bonurn</span> <span class='ocrx_word' id='word_1_135' title='bbox 349 2167 521 2254; x_wconf 83' lang='lat' dir='ltr'>prudenter</span> <span class='ocrx_word' id='word_1_136' title='bbox 529 2167 662 2253; x_wconf 82' lang='lat' dir='ltr'>expetit,</span> <span class='ocrx_word' id='word_1_137' title='bbox 675 2165 807 2253; x_wconf 87' lang='lat' dir='ltr'>&amp;quod</span> <span class='ocrx_word' id='word_1_138' title='bbox 821 2181 914 2254; x_wconf 79' lang='lat' dir='ltr'>tutpe</span> 
     </span>
     <span class='ocr_line' id='line_1_24' title="bbox 71 2246 914 2337; baseline 0.002 -22"><span class='ocrx_word' id='word_1_139' title='bbox 71 2294 75 2301; x_wconf 88' lang='lat'>-</span> <span class='ocrx_word' id='word_1_140' title='bbox 115 2246 150 2315; x_wconf 77' lang='lat' dir='ltr'>dt</span> <span class='ocrx_word' id='word_1_141' title='bbox 167 2252 315 2330; x_wconf 79' lang='lat' dir='ltr'>malton,</span> <span class='ocrx_word' id='word_1_142' title='bbox 332 2253 419 2319; x_wconf 88' lang='lat' dir='ltr'>odit:</span> <span class='ocrx_word' id='word_1_143' title='bbox 435 2249 515 2337; x_wconf 85' lang='lat' dir='ltr'>saepe</span> <span class='ocrx_word' id='word_1_144' title='bbox 533 2253 613 2318; x_wconf 82' lang='lat' dir='ltr'>vero</span> <span class='ocrx_word' id='word_1_145' title='bbox 631 2265 749 2318; x_wconf 83' lang='lat' dir='ltr'>naturae</span> <span class='ocrx_word' id='word_1_146' title='bbox 778 2250 914 2334; x_wconf 74' lang='lat' dir='ltr'>quddam</span> 
     </span>
     <span class='ocr_line' id='line_1_25' title="bbox 114 2329 914 2481; baseline -0.006 -79"><span class='ocrx_word' id='word_1_147' title='bbox 114 2329 329 2402; x_wconf 72' lang='lat' dir='ltr'>hrbecillitate</span> <span class='ocrx_word' id='word_1_148' title='bbox 352 2333 441 2403; x_wconf 80' lang='lat' dir='ltr'>secus</span> <span class='ocrx_word' id='word_1_149' title='bbox 459 2335 599 2408; x_wconf 84' lang='lat' dir='ltr'>accidit:</span> <span class='ocrx_word' id='word_1_150' title='bbox 619 2335 682 2401; x_wconf 85' lang='lat' dir='ltr'>five</span> <span class='ocrx_word' id='word_1_151' title='bbox 694 2347 821 2481; x_wconf 61' lang='lat' dir='ltr'>propter</span> <span class='ocrx_word' id='word_1_152' title='bbox 833 2332 914 2399; x_wconf 87' lang='lat' dir='ltr'>subi-</span> 
     </span>
     <span class='ocr_line' id='line_1_26' title="bbox 116 2418 914 2515; baseline -0.003 -30"><span class='ocrx_word' id='word_1_153' title='bbox 116 2428 162 2485; x_wconf 79' lang='lat' dir='ltr'>tae</span> <span class='ocrx_word' id='word_1_154' title='bbox 172 2418 371 2487; x_wconf 82' lang='lat' dir='ltr'>titillationes</span> <span class='ocrx_word' id='word_1_155' title='bbox 389 2419 588 2505; x_wconf 84' lang='lat' dir='ltr'>cupiditatis,</span> <span class='ocrx_word' id='word_1_156' title='bbox 599 2436 640 2483; x_wconf 87' lang='lat' dir='ltr'>ex</span> <span class='ocrx_word' id='word_1_157' title='bbox 655 2421 737 2504; x_wconf 75' lang='lat' dir='ltr'>Aug.</span> <span class='ocrx_word' id='word_1_158' title='bbox 756 2433 914 2515; x_wconf 27' lang='lat' dir='ltr'>rvelptop·</span> 
     </span>
     <span class='ocr_line' id='line_1_27' title="bbox 115 2502 917 2595; baseline -0.004 -26"><span class='ocrx_word' id='word_1_159' title='bbox 115 2512 165 2569; x_wconf 84' lang='lat' dir='ltr'>tet</span> <span class='ocrx_word' id='word_1_160' title='bbox 185 2502 369 2589; x_wconf 87' lang='lat' dir='ltr'>lirrepentes</span> <span class='ocrx_word' id='word_1_161' title='bbox 395 2502 534 2568; x_wconf 89' lang='lat' dir='ltr'>inanium</span> <span class='ocrx_word' id='word_1_162' title='bbox 564 2520 670 2568; x_wconf 84' lang='lat' dir='ltr'>return</span> <span class='ocrx_word' id='word_1_163' title='bbox 695 2519 734 2567; x_wconf 92' lang='lat' dir='ltr'>co</span> <span class='ocrx_word' id='word_1_164' title='bbox 766 2512 917 2595; x_wconf 68' lang='lat' dir='ltr'>tationoe,</span> 
     </span>
     <span class='ocr_line' id='line_1_28' title="bbox 95 2580 914 2673; baseline 0.002 -22"><span class='ocrx_word' id='word_1_165' title='bbox 95 2580 153 2651; x_wconf 77' lang='lat' dir='ltr'>‘ex</span> <span class='ocrx_word' id='word_1_166' title='bbox 164 2586 348 2664; x_wconf 78' lang='lat' dir='ltr'>Methodio,</span> <span class='ocrx_word' id='word_1_167' title='bbox 371 2586 437 2654; x_wconf 87' lang='lat' dir='ltr'>live</span> <span class='ocrx_word' id='word_1_168' title='bbox 455 2584 531 2672; x_wconf 88' lang='lat' dir='ltr'>quia</span> <span class='ocrx_word' id='word_1_169' title='bbox 548 2599 697 2672; x_wconf 85' lang='lat' dir='ltr'>peccator</span> <span class='ocrx_word' id='word_1_170' title='bbox 749 2586 914 2673; x_wconf 86' lang='lat' dir='ltr'>aginonun</span> 
     </span>
     <span class='ocr_line' id='line_1_29' title="bbox 111 2668 915 2759; baseline 0.001 -24"><span class='ocrx_word' id='word_1_171' title='bbox 111 2672 218 2737; x_wconf 84' lang='lat' dir='ltr'>veluti</span> <span class='ocrx_word' id='word_1_172' title='bbox 234 2671 376 2756; x_wconf 87' lang='lat' dir='ltr'>pondere</span> <span class='ocrx_word' id='word_1_173' title='bbox 396 2684 566 2759; x_wconf 78' lang='lat' dir='ltr'>gravuus,</span> <span class='ocrx_word' id='word_1_174' title='bbox 587 2672 627 2738; x_wconf 91' lang='lat' dir='ltr'>ad</span> <span class='ocrx_word' id='word_1_175' title='bbox 645 2672 704 2737; x_wconf 84' lang='lat' dir='ltr'>alia</span> <span class='ocrx_word' id='word_1_176' title='bbox 720 2668 836 2757; x_wconf 84' lang='lat' dir='ltr'>flagitia</span> <span class='ocrx_word' id='word_1_177' title='bbox 854 2683 915 2736; x_wconf 86' lang='lat' dir='ltr'>tra·</span> 
     </span>
     <span class='ocr_line' id='line_1_30' title="bbox 111 2752 923 2842; baseline -0.001 -20"><span class='ocrx_word' id='word_1_178' title='bbox 111 2752 231 2832; x_wconf 86' lang='lat' dir='ltr'>hitur,</span> <span class='ocrx_word' id='word_1_179' title='bbox 250 2772 322 2839; x_wconf 83' lang='lat' dir='ltr'>quae</span> <span class='ocrx_word' id='word_1_180' title='bbox 342 2757 422 2820; x_wconf 84' lang='lat' dir='ltr'>mala</span> <span class='ocrx_word' id='word_1_181' title='bbox 442 2753 503 2821; x_wconf 79' lang='lat' dir='ltr'>else</span> <span class='ocrx_word' id='word_1_182' title='bbox 520 2754 684 2842; x_wconf 79' lang='lat' dir='ltr'>intelligit:</span> <span class='ocrx_word' id='word_1_183' title='bbox 703 2768 810 2820; x_wconf 89' lang='lat' dir='ltr'>contra</span> <span class='ocrx_word' id='word_1_184' title='bbox 834 2753 923 2821; x_wconf 70' lang='lat' dir='ltr'>verd-</span> 
     </span>
     <span class='ocr_line' id='line_1_31' title="bbox 108 2836 916 2925; baseline -0.001 -20"><span class='ocrx_word' id='word_1_185' title='bbox 108 2838 206 2905; x_wconf 76' lang='lat' dir='ltr'>videt</span> <span class='ocrx_word' id='word_1_186' title='bbox 222 2837 352 2905; x_wconf 87' lang='lat' dir='ltr'>meliora·</span> <span class='ocrx_word' id='word_1_187' title='bbox 367 2838 564 2925; x_wconf 83' lang='lat' dir='ltr'>probatque,</span> <span class='ocrx_word' id='word_1_188' title='bbox 582 2838 616 2906; x_wconf 80' lang='lat' dir='ltr'>dc</span> <span class='ocrx_word' id='word_1_189' title='bbox 640 2852 742 2904; x_wconf 86' lang='lat' dir='ltr'>tamen</span> <span class='ocrx_word' id='word_1_190' title='bbox 760 2836 916 2904; x_wconf 86' lang='lat' dir='ltr'>deteriora</span> 
     </span>
     <span class='ocr_line' id='line_1_32' title="bbox 111 2918 916 3007; baseline -0.005 -16"><span class='ocrx_word' id='word_1_191' title='bbox 111 2918 285 3007; x_wconf 84' lang='lat' dir='ltr'>sequitur,</span> <span class='ocrx_word' id='word_1_192' title='bbox 311 2939 351 2986; x_wconf 87' lang='lat' dir='ltr'>ex</span> <span class='ocrx_word' id='word_1_193' title='bbox 370 2924 491 2989; x_wconf 69' lang='lat' dir='ltr'>Orcum.</span> <span class='ocrx_word' id='word_1_194' title='bbox 517 2921 580 2987; x_wconf 83' lang='lat' dir='ltr'>ftve</span> <span class='ocrx_word' id='word_1_195' title='bbox 602 2923 676 3007; x_wconf 85' lang='lat' dir='ltr'>quia</span> <span class='ocrx_word' id='word_1_196' title='bbox 692 2933 838 3006; x_wconf 85' lang='lat' dir='ltr'>peccator</span> <span class='ocrx_word' id='word_1_197' title='bbox 859 2921 916 2987; x_wconf 87' lang='lat' dir='ltr'>bo·</span> 
     </span>
     <span class='ocr_line' id='line_1_33' title="bbox 111 3004 917 3090; baseline -0.007 -15"><span class='ocrx_word' id='word_1_198' title='bbox 111 3024 193 3075; x_wconf 86' lang='lat' dir='ltr'>num</span> <span class='ocrx_word' id='word_1_199' title='bbox 214 3004 432 3072; x_wconf 87' lang='lat' dir='ltr'>&amp;honestum</span> <span class='ocrx_word' id='word_1_200' title='bbox 449 3021 622 3089; x_wconf 89' lang='lat' dir='ltr'>utcumque</span> <span class='ocrx_word' id='word_1_201' title='bbox 641 3004 779 3090; x_wconf 82' lang='lat' dir='ltr'>expetit,</span> <span class='ocrx_word' id='word_1_202' title='bbox 798 3004 917 3076; x_wconf 82' lang='lat' dir='ltr'>virium</span> 
     </span>
     <span class='ocr_line' id='line_1_34' title="bbox 113 3086 919 3178; baseline -0.002 -21"><span class='ocrx_word' id='word_1_203' title='bbox 113 3100 226 3157; x_wconf 80' lang='lat' dir='ltr'>tamen</span> <span class='ocrx_word' id='word_1_204' title='bbox 248 3089 486 3171; x_wconf 79' lang='lat' dir='ltr'>imbecillitate,</span> <span class='ocrx_word' id='word_1_205' title='bbox 501 3090 619 3158; x_wconf 83' lang='lat' dir='ltr'>&#39;divinae</span> <span class='ocrx_word' id='word_1_206' title='bbox 652 3086 798 3156; x_wconf 82' lang='lat' dir='ltr'>raesertim</span> <span class='ocrx_word' id='word_1_207' title='bbox 811 3086 919 3178; x_wconf 72' lang='lat' dir='ltr'>gratiae</span> 
     </span>
     <span class='ocr_line' id='line_1_35' title="bbox 178 3170 915 3259; baseline -0.007 -19"><span class='ocrx_word' id='word_1_208' title='bbox 178 3172 262 3241; x_wconf 82' lang='lat' dir='ltr'>lidio</span> <span class='ocrx_word' id='word_1_209' title='bbox 289 3170 484 3255; x_wconf 83' lang='lat' dir='ltr'>destituuts,</span> <span class='ocrx_word' id='word_1_210' title='bbox 511 3174 544 3241; x_wconf 94' lang='lat' dir='ltr'>id</span> <span class='ocrx_word' id='word_1_211' title='bbox 565 3192 608 3256; x_wconf 93' lang='lat' dir='ltr'>qu</span> <span class='ocrx_word' id='word_1_212' title='bbox 675 3172 811 3259; x_wconf 86' lang='lat' dir='ltr'>appetit,</span> <span class='ocrx_word' id='word_1_213' title='bbox 835 3189 915 3256; x_wconf 66' lang='lat' dir='ltr'>prae</span> 
     </span>
     <span class='ocr_line' id='line_1_36' title="bbox 113 3192 920 3348; baseline -0.001 -23"><span class='ocrx_word' id='word_1_214' title='bbox 113 3192 195 3325; x_wconf 45' lang='grc' dir='ltr'>Εἴτε</span> <span class='ocrx_word' id='word_1_215' title='bbox 207 3276 276 3324; x_wconf 87' lang='lat' dir='ltr'>non</span> <span class='ocrx_word' id='word_1_216' title='bbox 287 3257 406 3341; x_wconf 89' lang='lat' dir='ltr'>potest,</span> <span class='ocrx_word' id='word_1_217' title='bbox 426 3276 466 3324; x_wconf 83' lang='lat' dir='ltr'>ex</span> <span class='ocrx_word' id='word_1_218' title='bbox 484 3256 753 3348; x_wconf 49' lang='lat' dir='ltr'>chofidelheod.</span> <span class='ocrx_word' id='word_1_219' title='bbox 768 3255 847 3322; x_wconf 86' lang='lat' dir='ltr'>Sunt</span> <span class='ocrx_word' id='word_1_220' title='bbox 860 3251 920 3337; x_wconf 82' lang='lat' dir='ltr'>qui</span> 
     </span>
     <span class='ocr_line' id='line_1_37' title="bbox 113 3340 922 3438; baseline 0.019 -24"><span class='ocrx_word' id='word_1_221' title='bbox 113 3340 236 3427; x_wconf 61' lang='lat' dir='ltr'>butor</span> <span class='ocrx_word' id='word_1_222' title='bbox 249 3344 339 3433; x_wconf 77' lang='lat' dir='ltr'>quod</span> <span class='ocrx_word' id='word_1_223' title='bbox 351 3342 524 3438; x_wconf 78' lang='lat' dir='ltr'>appetimus</span> <span class='ocrx_word' id='word_1_224' title='bbox 535 3363 594 3422; x_wconf 87' lang='lat' dir='ltr'>nec</span> <span class='ocrx_word' id='word_1_225' title='bbox 605 3341 803 3437; x_wconf 75' lang='lat' dir='ltr'>perficimus,</span> <span class='ocrx_word' id='word_1_226' title='bbox 811 3354 922 3413; x_wconf 59' lang='lat' dir='ltr'>rw</span> 
     </span>
    </p>
   </div>
   <div class='ocr_carea' id='block_1_4' title="bbox 0 0 1014 3854">
    <p class='ocr_par' dir='ltr' id='par_1_4' title="bbox 0 0 1014 3854">
     <span class='ocr_line' id='line_1_38' title="bbox 0 0 1014 3854; baseline 0 1"><span class='ocrx_word' id='word_1_227' title='bbox 0 0 1014 3854; x_wconf 95' lang='lat' dir='ltr'> </span> 
     </span>
    </p>
   </div>
  </div>
 </body>
</html>
