2018 3854
58 241 66 248 ,
103 172 149 238 62
208 162 540 238 Commuunnmn
561 180 597 234 iu
621 167 756 238 Eume.

104 272 175 338 quae
195 258 265 322 data
277 258 320 322 est
331 274 389 340 per
401 253 536 340 Moysen
549 273 557 318 :
570 257 623 319 vel
635 255 729 341 usque
740 255 885 342 autgem.

104 337 138 404 id
151 339 211 415 est,
223 340 316 405 etiam
328 342 397 426 lege
409 340 469 405 lati
485 352 650 423 peccatum
661 339 837 423 permansu.
858 360 885 405 ei

104 421 232 570 Augrgl.
263 425 339 490 Erat
364 424 493 508 quidem
522 423 615 487 etiam
639 436 711 487 ante
737 424 841 511 legem
864 425 885 488 ir

103 522 179 571 mun
202 527 247 584 ο,
269 504 323 573 sed
341 526 404 573 non
422 507 654 592 imputabatur,
679 507 754 590 quia
772 507 829 573 ubi
846 509 885 573 lei

7 635 8 639 η
104 609 167 655 non
186 590 254 666 est,
271 603 436 674 peccatum
453 611 517 656 non
535 589 727 675 imputatur,
747 594 788 658 ad
807 587 885 656 trani

103 671 283 760 grefflonem
295 673 410 739 scilicet
429 693 437 740 ε
457 673 512 740 ubi
525 673 607 739 enim
619 692 682 739 non
694 675 738 739 est
757 678 885 751 lemme<

103 757 334 841 praevaricatio,
345 771 381 823 ut
391 772 490 841 ιαμ
508 755 746 841 Velpeceutum
766 778 830 824 non
844 757 884 823 im

125 843 270 906 utebatur
287 843 328 907 ad
345 855 504 916 mortem,
523 840 649 924 quando
667 842 720 904 lex
738 859 803 907 non
822 855 885 907 erat

136 926 166 989 el
184 944 247 990 uon
265 926 496 1008 imputabatur,
517 924 551 989 id
568 922 634 998 est,
650 942 713 989 non
731 925 885 1012 cognosce

105 1009 204 1077 batum
222 1026 263 1073 ex
287 1008 414 1094 August.
426 1010 448 1072 l.
465 1026 492 1070 1.
511 1009 551 1072 de
565 1023 628 1091 pec.
641 1027 714 1070 mer.
725 1033 750 1074 c.
767 1027 818 1074 10.
831 1005 884 1074 Ve

104 1109 167 1161 uon
186 1090 391 1158 ascribebatur
412 1093 521 1175 culpae.
539 1109 579 1156 ex
592 1079 695 1175 Anſsl.

150 1192 190 1280 y).
215 1214 271 1287 14.
295 1194 366 1266 Sed
391 1196 560 1292 regnavit
587 1217 679 1264 mors
707 1195 755 1265 ab
774 1195 885 1268 Adam

106 1288 279 1388 usquead
299 1289 439 1387 Moysen
458 1293 566 1363 etiam
590 1292 628 1361 in
644 1313 719 1378 eos,
741 1293 806 1386 qui
829 1317 885 1363 non

96 1403 337 1483 peccaverunt
365 1390 402 1461 in
427 1386 693 1481 fimilitudinem
712 1393 885 1482 praevam'·

104 1486 252 1559 cationis
261 1484 366 1573 Adae,
383 1487 446 1582 qui
467 1482 513 1580 est
523 1481 646 1579 forma
667 1479 806 1577 futuri.

144 1592 522 1680 Quamvis,inquit‚mte
540 1596 641 1679 legem
694 1608 819 1659 centum
832 1610 885 1660 nm

104 1677 401 1761 imputabatur‚erat
413 1691 515 1743 tamen
528 1677 560 1742 in
571 1693 645 1741 mun
669 1699 707 1756 ο,
718 1677 753 1743 &
765 1690 885 1763 proptu

103 1763 167 1828 hoc
186 1780 270 1827 mors
289 1763 331 1827 ob
349 1777 513 1846 peccatum
531 1761 652 1830 investa
675 1760 843 1857 regnavit,
862 1765 885 1829 i<

104 1847 166 1921 eu,
178 1842 302 1931 gmffam
314 1848 376 1923 est,
392 1846 586 1929 tyrannidem
598 1859 737 1912 exercuu
749 1846 781 1910 in
796 1864 885 1933 genu

102 1930 292 2006 humanum3
303 1928 396 1994 etiam
408 1943 475 1995 toto
488 1948 526 1996 eo
539 1944 679 2016 tempore
693 1932 780 2015 quod
793 1933 885 2018 legen

105 2013 206 2076 datam
224 2011 386 2079 antecessiu
404 2015 447 2080 Et
469 2014 593 2079 duobus
611 2015 713 2082 modis
731 2015 824 2080 lemio
844 2012 885 2085 ἐκ

103 2097 178 2178 poni
194 2098 304 2178 potest.
323 2098 391 2162 Aut
408 2095 491 2161 enim
503 2095 608 2162 sensus
620 2102 661 2163 est
674 2111 808 2164 mortem
827 2116 885 2187 reg

103 2177 201 2256 nasse,
212 2198 274 2247 non
287 2180 319 2245 in
333 2201 386 2250 eos
399 2178 518 2245 tantum
530 2182 584 2263 qui
596 2183 721 2266 proprii
731 2184 885 2249 voluntat«

102 2278 335 2347 peccaverunt,
352 2266 455 2349 primo
468 2265 611 2348 parenti,
630 2264 685 2349 qui
701 2281 885 2350 praeceptum

103 2349 167 2414 Dei
191 2344 246 2413 sui
268 2353 428 2423 voluntate
446 2345 641 2434 transgressus
659 2349 702 2414 est
721 2395 732 2427 ‚
750 2367 787 2414 ea
807 2351 844 2417 in
860 2371 885 2421 u

103 2427 216 2498 smiles
239 2431 331 2500 fusti:
350 2434 460 2500 verum
484 2431 576 2496 etiam
600 2429 731 2497 infantes
778 2435 812 2499 ui
831 2456 885 2504 nm

103 2532 312 2598 peccaverunt
328 2519 462 2603 propriae
479 2515 647 2581 uoluntatis
659 2517 746 2592 astu,
756 2452 821 2583 ied
831 2533 885 2586 tm

103 2600 173 2664 tum
190 2619 230 2665 ex
249 2598 353 2664 Adam
370 2597 523 2665 nascendo
547 2613 713 2684 peccatum
732 2615 885 2671 contraxe

31 2700 37 2719 ·
104 2695 187 2747 runt.
199 2679 371 2766 exAuguli.
383 2682 668 2766 l.1.del1apt.c.11.
682 2682 717 2747 &
728 2682 824 2770 Epist.
840 2687 885 2774 89

99 2766 145 2831 ed
154 2764 228 2829 Hil..
242 2764 309 2830 Aut
321 2763 423 2831 sensus
436 2767 497 2842 est,
508 2781 640 2831 mortem
651 2765 787 2853 regnasse
800 2770 885 2837 etiam

102 2862 175 2914 ¹ante
186 2849 287 2936 legem
304 2849 407 2916 datam
420 2848 595 2934 &proinde
609 2852 639 2915 in
657 2868 712 2915 ens
725 2850 818 2916 etiam
837 2854 885 2938 qu

102 2933 377 3018 non'praevaricati
396 2936 425 3000 le
448 2952 497 2998 em
510 2933 645 3017 aliquam
655 2932 711 2998 fibi
724 2933 743 2999 i
755 2937 826 3001 Deo
838 2956 885 3019 pn

103 3013 206 3093 fitam,
218 3015 294 3082 ficut
306 3018 408 3083 Adam
424 2953 557 3096 fecerat„
573 3017 805 3104 praevaricando
817 3038 885 3103 prae

104 3113 230 3185 ceptum
249 3101 304 3166 fibi
323 3104 429 3168 datum
449 3101 466 3166 i
488 3102 577 3166 Deo:
600 3102 654 3169 sed
671 3101 771 3168 solum
783 3120 885 3186 pecca

104 3198 218 3250 verunt
230 3184 263 3249 in
280 3186 382 3281 legem
394 3198 519 3248 nauuae.
534 3184 632 3250 Sentit
644 3200 746 3250 autem
759 3186 885 3270 Aposto

103 3266 154 3335 ius
166 3269 267 3334 Adam
277 3267 366 3333 fmffe
378 3281 488 3354 muium
500 3265 796 3336 Curuuperndam
809 3269 885 3336 enim

108 3365 271 3440 peccatum
289 3353 324 3422 &
340 3372 424 3428 murs
442 3352 567 3428 inuuvit
585 3353 618 3427 iu
641 3355 818 3432 mundum3
834 3372 885 3442 pu
